@article{Lim2011,
	doi = {10.1021/es101052q},
	url = {https://doi.org/10.1021/es101052q},
	year = {2011},
	month = jan,
	publisher = {American Chemical Society ({ACS})},
	volume = {45},
	number = {1},
	pages = {320--327},
	author = {Seong-Rin Lim and Daniel Kang and Oladele A. Ogunseitan and Julie M. Schoenung},
	title = {Potential Environmental Impacts of Light-Emitting Diodes ({LEDs}): Metallic Resources,  Toxicity,  and Hazardous Waste Classification},
	journal = {Environmental Science {\&} Technology}
}

@article{Stavrinou1999,
	doi = {10.1063/1.371233},
	url = {https://doi.org/10.1063/1.371233},
	year = {1999},
	month = sep,
	publisher = {{AIP} Publishing},
	volume = {86},
	number = {6},
	pages = {3475--3477},
	author = {P. N. Stavrinou and M. Whitehead and G. Parry and C. C. Button},
	title = {Angular spectrum of visible resonant cavity light-emitting diodes},
	journal = {Journal of Applied Physics}
}

@article{Schulz1954,
	doi = {10.1364/josa.44.000362},
	url = {https://doi.org/10.1364/josa.44.000362},
	year = {1954},
	month = may,
	publisher = {The Optical Society},
	volume = {44},
	number = {5},
	pages = {362},
	author = {L. G. Schulz and F. R. Tangherlini},
	title = {Optical Constants of Silver,  Gold,  Copper,  and Aluminum {II} The Index of Refraction n},
	journal = {Journal of the Optical Society of America}
}

@article{Geffroy2006,
  doi = {10.1002/pi.1974},
  url = {https://doi.org/10.1002/pi.1974},
  year = {2006},
  publisher = {Wiley},
  volume = {55},
  number = {6},
  pages = {572--582},
  author = {Bernard Geffroy and Philippe le Roy and Christophe Prat},
  title = {Organic light-emitting diode ({OLED}) technology: materials,  devices and display technologies},
  journal = {Polymer International}
}
