@article{Lim2011,
  doi = {10.1021/es101052q},
  url = {https://doi.org/10.1021/es101052q},
  year = {2011},
  month = jan,
  publisher = {American Chemical Society ({ACS})},
  volume = {45},
  number = {1},
  pages = {320--327},
  author = {Seong-Rin Lim and Daniel Kang and Oladele A. Ogunseitan and Julie M. Schoenung},
  title = {Potential Environmental Impacts of Light-Emitting Diodes ({LEDs}): Metallic Resources,  Toxicity,  and Hazardous Waste Classification},
  journal = {Environmental Science {\&} Technology}
}

@book{griffiths1999,
  title={Introduction to Electrodynamics},
  author={Griffiths, D.J.},
  isbn={9780138053260},
  lccn={98050525},
  url={https://books.google.com/books?id=M8XvAAAAMAAJ},
  year={1999},
  publisher={Prentice Hall}
}

@article{Pollnau2018,
  doi = {10.1364/ol.43.005033},
  url = {https://doi.org/10.1364/ol.43.005033},
  year = {2018},
  month = oct,
  publisher = {The Optical Society},
  volume = {43},
  number = {20},
  pages = {5033},
  author = {Markus Pollnau},
  title = {Counter-propagating modes in a Fabry{\textendash}Perot-type resonator},
  journal = {Optics Letters}
}

@book{siegman1986,
  title={Lasers},
  author={Siegman, A.E.},
  isbn={9780935702118},
  lccn={lc86050346},
  url={https://books.google.com/books?id=1BZVwUZLTkAC},
  year={1986},
  publisher={University Science Books}
}

@article{Cai2011,
  doi = {10.1063/1.3634210},
  url = {https://doi.org/10.1063/1.3634210},
  year = {2011},
  month = oct,
  publisher = {{AIP} Publishing},
  volume = {99},
  number = {15},
  pages = {153303},
  author = {Min Cai and Teng Xiao and Rui Liu and Ying Chen and Ruth Shinar and Joseph Shinar},
  title = {Indium-tin-oxide-free tris(8-hydroxyquinoline) Al organic light-emitting diodes with 80{\%} enhanced power efficiency},
  journal = {Applied Physics Letters}
}

@article{Stavrinou1999,
  doi = {10.1063/1.371233},
  url = {https://doi.org/10.1063/1.371233},
  year = {1999},
  month = sep,
  publisher = {{AIP} Publishing},
  volume = {86},
  number = {6},
  pages = {3475--3477},
  author = {P. N. Stavrinou and M. Whitehead and G. Parry and C. C. Button},
  title = {Angular spectrum of visible resonant cavity light-emitting diodes},
  journal = {Journal of Applied Physics}
}

@article{Matsushima2008,
  doi = {10.1063/1.2974089},
  url = {https://doi.org/10.1063/1.2974089},
  year = {2008},
  month = sep,
  publisher = {{AIP} Publishing},
  volume = {104},
  number = {5},
  pages = {054501},
  author = {Toshinori Matsushima and Guang-He Jin and Hideyuki Murata},
  title = {Marked improvement in electroluminescence characteristics of organic light-emitting diodes using an ultrathin hole-injection layer of molybdenum oxide},
  journal = {Journal of Applied Physics}
}

@article{Ismail2016,
  doi = {10.1364/oe.24.016366},
  url = {https://doi.org/10.1364/oe.24.016366},
  year = {2016},
  month = jul,
  publisher = {The Optical Society},
  volume = {24},
  number = {15},
  pages = {16366},
  author = {Nur Ismail and Cristine Calil Kores and Dimitri Geskus and Markus Pollnau},
  title = {Fabry-P{\'{e}}rot resonator: spectral line shapes,  generic and related Airy distributions,  linewidths,  finesses,  and performance at low or frequency-dependent reflectivity},
  journal = {Optics Express}
}

@article{Baldo2002,
  doi = {10.1103/physrevb.66.035321},
  url = {https://doi.org/10.1103/physrevb.66.035321},
  year = {2002},
  month = jul,
  publisher = {American Physical Society ({APS})},
  volume = {66},
  number = {3},
  author = {M. A. Baldo and R. J. Holmes and S. R. Forrest},
  title = {Prospects for electrically pumped organic lasers},
  journal = {Physical Review B}
}

@article{Bulovi1998,
  doi = {10.1126/science.279.5350.553},
  url = {https://doi.org/10.1126/science.279.5350.553},
  year = {1998},
  month = jan,
  publisher = {American Association for the Advancement of Science ({AAAS})},
  volume = {279},
  number = {5350},
  pages = {553--555},
  author = {V. Bulovi},
  title = {Transform-Limited,  Narrow-Linewidth Lasing Action in Organic Semiconductor Microcavities},
  journal = {Science}
}
